<record><leader>00000cas a22000007a 4500</leader><controlfield tag="001">48271139</controlfield><controlfield tag="008">011105c19989999azumr ne      0   a0eng d</controlfield><datafield ind1=" " ind2=" " tag="010"><subfield code="a">sn2001060133</subfield></datafield><datafield ind1=" " ind2=" " tag="040"><subfield code="a">ANN</subfield><subfield code="b">eng</subfield><subfield code="c">ANN</subfield><subfield code="d">ZP2</subfield><subfield code="d">OCLCQ</subfield><subfield code="d">OCLCO</subfield></datafield><datafield ind1="1" ind2=" " tag="029"><subfield code="a">AU@</subfield><subfield code="b">000023173609</subfield></datafield><datafield ind1=" " ind2=" " tag="042"><subfield code="a">msc</subfield></datafield><datafield ind1=" " ind2=" " tag="043"><subfield code="a">n-us-az</subfield></datafield><datafield ind1="0" ind2="0" tag="245"><subfield code="a">Gah&#697;nahvah /</subfield><subfield code="c">ya ti&#697; =</subfield><subfield code="b">To talk / to tell.</subfield></datafield><datafield ind1="0" ind2="0" tag="246"><subfield code="a">Gah&#697;nahvah / ya ti&#697; news</subfield></datafield><datafield ind1="0" ind2="0" tag="246"><subfield code="a">Gah&#697;nahvah ya ti&#697;</subfield></datafield><datafield ind1=" " ind2=" " tag="260"><subfield code="a">Camp Verde, Ariz. :</subfield><subfield code="b">Yavapai-Apache Nation</subfield></datafield><datafield ind1=" " ind2=" " tag="300"><subfield code="a">v. :</subfield><subfield code="b">ill.</subfield></datafield><datafield ind1=" " ind2=" " tag="310"><subfield code="a">Monthly</subfield></datafield><datafield ind1="1" ind2=" " tag="362"><subfield code="a">Began in 1998.</subfield></datafield><datafield ind1=" " ind2=" " tag="546"><subfield code="a">Combined title in Yavapai and Apache languages; text in English.</subfield></datafield><datafield ind1=" " ind2=" " tag="588"><subfield code="a">Description based on: Vol. 3, no. 2 (Apr. 2000).</subfield></datafield><datafield ind1=" " ind2="0" tag="650"><subfield code="a">Indians of North America</subfield><subfield code="z">Arizona</subfield><subfield code="v">Newspapers.</subfield></datafield><datafield ind1=" " ind2="0" tag="651"><subfield code="a">Campe Verde (Ariz.)</subfield><subfield code="v">Newspapers.</subfield></datafield><datafield ind1=" " ind2="0" tag="651"><subfield code="a">Yavapai County (Ariz.)</subfield><subfield code="v">Newspapers.</subfield></datafield><datafield ind1=" " ind2=" " tag="752"><subfield code="a">United States</subfield><subfield code="b">Arizona</subfield><subfield code="c">Yavapai</subfield><subfield code="d">Camp Verde.</subfield></datafield></record>